<?xml version="1.0" encoding="UTF-8"?><collection xmlns="http://www.loc.gov/MARC21/slim"><record><leader>00398nam--2200133-i-4500</leader><controlfield tag="001">000017340</controlfield><controlfield tag="002">20161230</controlfield><controlfield tag="005">20161230201032</controlfield><controlfield tag="008">060222s1000------------r-----000-0-eng-d</controlfield><datafield ind1=" " ind2=" " tag="080"><subfield code="a">061.62(493):001.891:621.384.633</subfield></datafield><datafield ind1=" " ind2=" " tag="245"><subfield code="a">Cyclone. rapport d activite 1997</subfield></datafield><datafield ind1=" " ind2=" " tag="260"><subfield code="a">Louvain-la-neuve, Institut De Physique Nucleaire, 1997. 147 P</subfield></datafield><datafield ind1=" " ind2=" " tag="653"><subfield code="a">Cyclone, Nuclear Physics, Cyclotron</subfield></datafield><datafield ind1=" " ind2=" " tag="852"><subfield code="a">80135</subfield></datafield></record></collection>